<record><leader>00000cas a22000007a 4500</leader><controlfield tag="001">35598921</controlfield><controlfield tag="008">960920d19721973azuwr ne      0    0eng d</controlfield><datafield ind1=" " ind2=" " tag="010"><subfield code="a">sn 96060582 </subfield></datafield><datafield ind1=" " ind2=" " tag="040"><subfield code="a">ANN</subfield><subfield code="b">eng</subfield><subfield code="c">ANN</subfield><subfield code="d">OCLCQ</subfield><subfield code="d">OCLCF</subfield><subfield code="d">OCLCO</subfield></datafield><datafield ind1=" " ind2=" " tag="042"><subfield code="a">msc</subfield></datafield><datafield ind1=" " ind2=" " tag="043"><subfield code="a">n-us-az</subfield></datafield><datafield ind1="0" ind2=" " tag="130"><subfield code="a">Valley news (Phoenix, Ariz. : 1972 : Paradise Valley North Scottsdale ed.)</subfield></datafield><datafield ind1="1" ind2="4" tag="245"><subfield code="a">The Valley news.</subfield></datafield><datafield ind1="1" ind2="7" tag="246"><subfield code="a">Valley news &amp; sage</subfield></datafield><datafield ind1=" " ind2=" " tag="250"><subfield code="a">Paradise Valley North Scottsdale ed.</subfield></datafield><datafield ind1=" " ind2=" " tag="260"><subfield code="a">Phoenix, Ariz. :</subfield><subfield code="b">Valley Newspapers,</subfield><subfield code="c">1972-</subfield></datafield><datafield ind1=" " ind2=" " tag="300"><subfield code="a">v.</subfield></datafield><datafield ind1=" " ind2=" " tag="310"><subfield code="a">Weekly</subfield></datafield><datafield ind1="0" ind2=" " tag="362"><subfield code="a">Vol. 2, no. 5 (Dec. 7, 1972)-</subfield></datafield><datafield ind1="1" ind2=" " tag="362"><subfield code="a">Ceased 1973.</subfield></datafield><datafield ind1=" " ind2="0" tag="651"><subfield code="a">Phoenix (Ariz.)</subfield><subfield code="v">Newspapers.</subfield></datafield><datafield ind1=" " ind2="0" tag="651"><subfield code="a">Paradise Valley (Ariz.)</subfield><subfield code="v">Newspapers.</subfield></datafield><datafield ind1=" " ind2="0" tag="651"><subfield code="a">Scottsdale (Ariz.)</subfield><subfield code="v">Newspapers.</subfield></datafield><datafield ind1=" " ind2="7" tag="655"><subfield code="a">Newspapers.</subfield><subfield code="2">fast</subfield><subfield code="0">(OCoLC)fst01423814</subfield></datafield><datafield ind1=" " ind2="7" tag="651"><subfield code="a">Arizona</subfield><subfield code="z">Paradise Valley.</subfield><subfield code="2">fast</subfield><subfield code="0">(OCoLC)fst01273431</subfield></datafield><datafield ind1=" " ind2="7" tag="651"><subfield code="a">Arizona</subfield><subfield code="z">Phoenix.</subfield><subfield code="2">fast</subfield><subfield code="0">(OCoLC)fst01213753</subfield></datafield><datafield ind1=" " ind2="7" tag="651"><subfield code="a">Arizona</subfield><subfield code="z">Scottsdale.</subfield><subfield code="2">fast</subfield><subfield code="0">(OCoLC)fst01204372</subfield></datafield><datafield ind1=" " ind2=" " tag="752"><subfield code="a">United States</subfield><subfield code="b">Arizona</subfield><subfield code="c">Maricopa</subfield><subfield code="d">Phoenix.</subfield></datafield><datafield ind1="0" ind2=" " tag="775"><subfield code="t">Valley news (Phoenix, Ariz. : 1972 : Deer Valley Sunnyslope Moon Valley ed.)</subfield><subfield code="w">(DLC)sn 97060151</subfield></datafield><datafield ind1="0" ind2="1" tag="780"><subfield code="t">Valley news &amp; sage</subfield><subfield code="w">(DLC)sn 96060581</subfield></datafield><datafield ind1="0" ind2="0" tag="785"><subfield code="t">Paradise Valley news (Phoenix, Ariz. : 1973)</subfield><subfield code="w">(DLC)sn 96060705</subfield></datafield></record>